<?xml version="1.0" encoding="UTF-8"?><collection xmlns="http://www.loc.gov/MARC21/slim"><record><leader>00490nam--2200133-i-4500</leader><controlfield tag="001">000035180</controlfield><controlfield tag="002">20161230</controlfield><controlfield tag="005">20161230201040</controlfield><controlfield tag="008">060222s1000------------r-----000-0-eng-d</controlfield><datafield ind1=" " ind2=" " tag="080"><subfield code="a">621.039.532.46:546.212.02(043)</subfield></datafield><datafield ind1=" " ind2=" " tag="100"><subfield code="a">Pavelescu, Marian</subfield></datafield><datafield ind1=" " ind2=" " tag="245"><subfield code="a">Modelarea matematica si optimizarea procesului gs pentru producerea apei grele. teza de doctorat. conducator stiintific dr.alexandru stefan olariu</subfield></datafield><datafield ind1=" " ind2=" " tag="260"><subfield code="a">Bucuresti, Inst.De Fizica Si Ing.Nucleara, 1982, Iv + 117p</subfield></datafield><datafield ind1=" " ind2=" " tag="852"><subfield code="a">70473</subfield></datafield></record></collection>